@book{braess,
  title={Finite Elements: Theory, Fast Solvers, and Applications in Solid Mechanics},
  author={Braess, D.},
  year={2001},
  publisher={Cambridge University Press}
}

@article{clement,
  author = {Cl\'{e}ment, P.},
  journal = {ESAIM: Mathematical Modelling and Numerical Analysis - Mod\'{e}lisation Math\'{e}matique et Analyse Num\'{e}rique},
  number = {R2},
  pages = {77-84},
  publisher = {Dunod},
  title = {Approximation by finite element functions using local regularization},
  volume = {9},
  year = {1975},
}

@article{scott,
 author = {Scott, L. R. and Zhang, S.},
 journal = {Mathematics of Computation},
 number = {190},
 pages = {483-493},
 publisher = {American Mathematical Society},
 title = {Finite Element Interpolation of Nonsmooth Functions Satisfying Boundary Conditions},
 volume = {54},
 year = {1990}
}

@online{fenicstools,
  author = {Mortensen, M. and Kuchta, M.},
  title = {fenicstools},
  year = 2016,
  howpublished={\url{https://github.com/mikaem/fenicstools}},
  urldate = {2016-04-06}
}

@online{poster,
  author = {Mortensen, M. and Kuchta, M.},
  title = {fenicstools poster for FEniCS'16 workshop},
  year = 2016,
  howpublished={\url{https://github.com/MiroK/fenics16-poster/blob/master/poster.pdf}},
  urldate = {2016-05-10}
}

@article{vfem,
author = {Beir\~{a}o Da Veiga, L. and Brezzi, F. and Cangiani, A. and Manzini, G. and Marini, L. D. and Russo, A.},
title = {BASIC PRINCIPLES OF VIRTUAL ELEMENT METHODS},
journal = {Mathematical Models and Methods in Applied Sciences},
volume = {23},
number = {01},
pages = {199-214},
year = {2013},
}

@MastersThesis{ptthesis,
    author =     {Haga, P. T.},
    title =     {{Numeriske simuleringer av adveksjons-dominert skalar-blanding
      anvendt p\r{a} CSF-str{\o}mning og medikamenttransport}},
    school =     {University of Oslo},
    address =     {Norway},
    year =     {2015},
}

@article{ptpaper,
author = {Haga, P.T. and Pizzichelli, G. and Mortensen, M. and Kuchta, M. and
  Pahlavian, S. H. and Sinibaldi, E. and Martin, B. and Mardal, K.-A.},
title = {A Numerical Investigation of Intrathecal Drug and Gene Vector
  Dispersion within the Cervical Subarachnoid Space},
journal = {Plos One},
year = {2016},
note={submitted}
}

